%%%%%%%%%%%%%%%%%%%%%%%%%%%%%%%%%%%%%%%%%%%%%%%%%%%%%%%%%%%%%%%%%%%%%%%%%%%%%%%%
%                    Readings for Tuesday 24 January 2017                      %
%%%%%%%%%%%%%%%%%%%%%%%%%%%%%%%%%%%%%%%%%%%%%%%%%%%%%%%%%%%%%%%%%%%%%%%%%%%%%%%%

% You will add new bibliography entries here for next Tuesday's readings


%%%%%%%%%%%%%%%%%%%%%%%%%%%%%%%%%%%%%%%%%%%%%%%%%%%%%%%%%%%%%%%%%%%%%%%%%%%%%%%%
%                    Readings for Thursday 19 January 2017                     %
%%%%%%%%%%%%%%%%%%%%%%%%%%%%%%%%%%%%%%%%%%%%%%%%%%%%%%%%%%%%%%%%%%%%%%%%%%%%%%%%

% Use the misc entry type for items like newspaper or magazine stories
@inbook{kronzek2023,
    author = {Kronzek, L. C.},
    title = {Salem Press Biographical Encyclopedia},
    publisher = {Salem Press},
    year = {2023},
    chapter = {Théodore Géricault}
}

@article{riding2003,
  title={'The fatal raft'},
  author={Riding, Christine},
  journal={History Today},
  volume={53},
  number={2},
  pages={38--38},
  year={2003},
  publisher={History Today Ltd.}
}

@misc{trapp1976,
  title={Gericault's" Raft of the Medusa"},
  author={Trapp, Frank Anderson},
  year={1976},
  publisher={JSTOR}
}

@misc{louvre2024,
    title = {'Think big! - Les Salles Rouges (The Red Rooms)'},
	author = {Louvre},
	howpublished = {\url{https://www.louvre.fr/en/explore/the-palace/think-big}},
	year = {2024},
	note = {[Accessed 15-01-2024]},
}

@misc{citation-key,
    key = asd,
    note = qwe
}